<?xml version="1.0" encoding="UTF-8"?><collection xmlns="http://www.loc.gov/MARC21/slim"><record><leader>00534nam--2200193-u-4500</leader><controlfield tag="001">000054945</controlfield><controlfield tag="002">20161230</controlfield><controlfield tag="005">20161230201051</controlfield><controlfield tag="008">120709s1000------------r-----000-0-rus-d</controlfield><datafield ind1=" " ind2=" " tag="040"><subfield code="a">IFIN-HH</subfield></datafield><datafield ind1=" " ind2=" " tag="041"><subfield code="a">rus</subfield></datafield><datafield ind1=" " ind2=" " tag="080"><subfield code="a">539.188</subfield></datafield><datafield ind1="1" ind2=" " tag="100"><subfield code="a">Dmitriev, Yu.Yu</subfield></datafield><datafield ind1="1" ind2="0" tag="245"><subfield code="a">Reliativistskie effekti v spektrah atomnih sistem</subfield><subfield code="c">Yu.yu dmitriev, g.l. klimceitkaia, l.n. pabzovskii</subfield></datafield><datafield ind1=" " ind2=" " tag="260"><subfield code="a">Moskva</subfield><subfield code="b">Energoatomizdat</subfield><subfield code="c">1984</subfield></datafield><datafield ind1=" " ind2=" " tag="300"><subfield code="a">224P</subfield></datafield><datafield ind1="1" ind2=" " tag="700"><subfield code="a">Pabzovskii, L.N</subfield></datafield><datafield ind1=" " ind2=" " tag="852"><subfield code="a">72550</subfield><subfield code="c">539.18</subfield></datafield><datafield ind1=" " ind2=" " tag="CAT"><subfield code="a">Sys</subfield><subfield code="c">20120709</subfield><subfield code="h">161924</subfield></datafield></record></collection>